@Book{R,
title = {R: R for Data Science},
author = {{Hadley Wickham y Garrett Grolemund}},
year = {2017},
url = {https://r4ds.had.co.nz/},
}
@Book{GGplot,
title = {R: GGplot},
author = {{Hadley Wickham, Danielle Navarro y Thomas Lin Pedersen}},
year = {2015},
url = {https://ggplot2-book.org/},
}
@Book{Shiny,
title = {R: Mastering Shiny},
author = {{ O’Reilly Media}},
year = {2020},
url = {https://mastering-shiny.org/},
}
@Article{tidyverse,
    title = {Welcome to the {tidyverse}},
    author = {Hadley Wickham and Mara Averick and Jennifer Bryan and Winston Chang and Lucy D'Agostino McGowan and Romain François and Garrett Grolemund and Alex Hayes and Lionel Henry and Jim Hester and Max Kuhn and Thomas Lin Pedersen and Evan Miller and Stephan Milton Bache and Kirill Müller and Jeroen Ooms and David Robinson and Dana Paige Seidel and Vitalie Spinu and Kohske Takahashi and Davis Vaughan and Claus Wilke and Kara Woo and Hiroaki Yutani},
    year = {2019},
    journal = {Journal of Open Source Software},
    volume = {4},
    number = {43},
    pages = {1686},
    doi = {10.21105/joss.01686},
}
@Manual{readxl,
    title = {readxl: Read Excel Files},
    author = {Hadley Wickham and Jennifer Bryan},
    year = {2019},
    note = {R package version 1.3.1},
    url = {https://CRAN.R-project.org/package=readxl},
}
@Article{lubridate,
    title = {Dates and Times Made Easy with {lubridate}},
    author = {Garrett Grolemund and Hadley Wickham},
    journal = {Journal of Statistical Software},
    year = {2011},
    volume = {40},
    number = {3},
    pages = {1--25},
    url = {https://www.jstatsoft.org/v40/i03/},
}
@Manual{forcats,
    title = {forcats: Tools for Working with Categorical Variables (Factors)},
    author = {Hadley Wickham},
    year = {2021},
    note = {R package version 0.5.1},
    url = {https://CRAN.R-project.org/package=forcats},
  }
 @Book{ggplot2,
    author = {Hadley Wickham},
    title = {ggplot2: Elegant Graphics for Data Analysis},
    publisher = {Springer-Verlag New York},
    year = {2016},
    isbn = {978-3-319-24277-4},
    url = {https://ggplot2.tidyverse.org},
}
@Manual{here,
    title = {here: A Simpler Way to Find Your Files},
    author = {Kirill Müller},
    year = {2020},
    note = {R package version 1.0.1},
    url = {https://CRAN.R-project.org/package=here},
}
@Manual{patchwork,
    title = {patchwork: The Composer of Plots},
    author = {Thomas Lin Pedersen},
    year = {2020},
    note = {R package version 1.1.1},
    url = {https://CRAN.R-project.org/package=patchwork},
}